3250 5709
427 983 662 1064 AROLVS
692 977 1311 1060 SextusDiulnalauenteclementta

331 990 427 1232 C
453 1088 580 1167 elesius
612 1089 854 1163 Romanorum
874 1092 1068 1177 Imperator
1088 1078 1221 1183 semper
1241 1082 1311 1159 Au·

454 1193 587 1292 gustus,
614 1215 656 1264 ac
682 1188 898 1279 Germaniae,
920 1180 1182 1284 Hispaniarum,
1207 1187 1311 1263 Hun-

327 1298 451 1395 gariae,
471 1294 665 1379 Bohemiae,
690 1291 885 1379 Dalmatiae,
914 1288 1086 1391 Ctoatiae,
1105 1288 1309 1381 Sclauoniae,

330 1392 398 1472 cei.
414 1396 515 1486 Rex,
534 1394 710 1468 Archidux
726 1392 882 1480 Aullriae,
894 1388 981 1464 Dux
994 1392 1215 1487 Burgundiae‚
1229 1390 1310 1495 Sty·

330 1490 622 1588 riae‚Carinthiae‚
642 1490 1153 1589 Carniolae&Wiirtenbergssae,
1173 1491 1308 1567 Comes
1377 1510 1380 1515 '
1435 1510 1439 1521 '

328 1601 473 1704 Tyrolis
488 1617 552 1674 cet.
604 1592 828 1695 Agnoscimus
843 1612 878 1669 et
889 1612 1009 1668 notum
1026 1590 1169 1667 facimus
1183 1612 1308 1669 tenore

330 1696 544 1801 praesentium
562 1698 742 1785 uniuersa,
767 1698 875 1795 quod,
897 1720 978 1771 cum
992 1692 1107 1770 Nobis
1123 1698 1236 1770 noster
1258 1691 1276 1767 s
1291 1736 1307 1756 ·

329 1808 450 1901 crique
480 1803 619 1897 imperii
640 1803 748 1874 fidelis
780 1800 917 1883 dilelius
942 1824 1154 1871 nanticus
1184 1822 1241 1873 zo
1258 1820 1309 1869 rr

328 1902 526 2001 Bibliopola
542 1911 574 1975 in
609 1905 717 1977 domo
731 1902 966 1997 orphanorum
991 1900 1103 1973 Hallae
1118 1901 1309 1973 humillime

329 2011 461 2105 exponi
478 2009 626 2094 curauit,
639 2029 740 2102 quem
759 2004 950 2076 immodum
973 2027 1085 2075 ruant
1116 2030 1162 2073 ιιι
1175 2027 1306 2073 nuru·

278 2142 295 2157 ·
330 2132 396 2180 on
415 2134 625 2181 rorantur
645 2104 885 2202 compendium
901 2108 983 2177 iuris
1002 2101 1305 2177 canoniciinotta·

327 2206 484 2281 volimus
499 2226 534 2280 et
548 2198 673 2305 quarto
689 2212 787 2302 prelo
802 2208 1019 2278 committere
1034 2200 1232 2291 resument,
1245 2226 1306 2277 ve·

326 2327 445 2381 reatur
460 2328 593 2397 autem,
609 2332 652 2379 ne
667 2311 869 2379 amulorum
883 2306 1008 2378 inuidia
1024 2304 1306 2380 hanceditionem

327 2412 532 2481 imitantium
552 2409 713 2506 impendii
730 2426 764 2478 et
779 2404 904 2479 laboris
919 2402 965 2478 sui
983 2403 1092 2481 frusiu
1106 2404 1304 2493 frustretur:

300 2532 305 2542 ·
327 2509 479 2607 ideoque
501 2506 618 2581 Nobis
635 2504 773 2582 demisse
794 2502 1009 2607 supplicaritx
1041 2529 1208 2609 quatenus
1230 2514 1303 2584 eius

324 2606 1305 2707 indemnitatiPriuilegionollroCaesareosuccurrerecle·

326 2713 529 2785 mentilsrme
559 2712 797 2809 dignaremur,
826 2711 906 2785 Nos
925 2706 1087 2785 submilsae
1107 2718 1236 2811 pariter
1259 2737 1302 2789 ac

322 2836 430 2912 aequae
457 2818 528 2887 eius
543 2819 697 2905 petitioni
714 2815 935 2887 annuendum
956 2814 1190 2889 censuerimus.
1240 2816 1300 2890 ‘Ac

326 2916 476 3013 proinde
488 2916 689 2991 auiioritate
704 2914 832 2989 Nostra
853 2909 1005 2989 Caesarea
1021 2915 1179 2989 omnibus
1199 2918 1305 2990 etfin·

325 3019 419 3115 gulis
436 3015 657 3113 Bibliopolis,
670 3014 899 3118 Bibliopegis‚
919 3018 1163 3123 Typographis
1181 3039 1214 3092 et
1229 3024 1304 3093 aliis
1348 3016 1355 3025 “

325 3117 586 3216 quibuscunque
604 3143 676 3193 rem
699 3116 870 3215 librariam
894 3114 950 3193 seu
965 3125 1231 3218 negotiationem
1243 3144 1304 3194 ex·

324 3218 522 3297 ercentibus
541 3221 684 3294 tirmiter
696 3219 1068 3309 inhibemus,vetamus
1085 3240 1119 3295 et
1130 3223 1304 3294 interdici·

322 3342 411 3406 mus,
426 3345 469 3393 ne
486 3326 559 3419 quis
571 3318 667 3418 supra
684 3326 893 3401 nominatum
915 3337 1124 3395 roannrnr
1138 3348 1302 3418 compen·

326 3420 421 3493 dium
440 3427 519 3515 iuris
535 3426 694 3497 canonici
710 3417 767 3496 sub
783 3426 909 3498 illa'vel
929 3429 994 3496 alia
1008 3420 1139 3512 sorma,
1162 3443 1220 3495 aut
1232 3425 1302 3499 boc

323 3525 440 3594 alioue
464 3527 563 3596 titulo
586 3548 649 3621 per
675 3525 794 3599 decem
815 3550 985 3600 annorum
1011 3520 1152 3621 spatium
1182 3523 1224 3598 ab
1239 3527 1302 3603 ho.-

326 3623 451 3698 diemo
465 3626 522 3699 die
537 3628 804 3723 computandum
817 3631 905 3699 intra
917 3627 1011 3700 Sacri
1023 3626 1173 3700 Romani
1190 3629 1304 3726 lmpe·
1336 3716 1339 3723 ¹

321 3726 365 3797 rii
378 3741 413 3797 et
427 3724 630 3822 Regnorum
645 3728 897 3829 Ditiunumque
912 3730 1115 3802 Nostrarum
1126 3731 1303 3806 haeredita·

325 3829 455 3899 riarum
477 3829 560 3902 fines
585 3832 750 3905 recudere
777 3837 831 3903 vel
858 3836 932 3905 aliis
954 3833 1188 3905 recudendum
1205 3834 1302 3924 dare,

323 3924 527 4003 aliorsumue
542 3929 731 4032 impressum
747 3948 949 4030 apportare,
964 3936 1134 4029 vendere,
1161 3939 1215 4007 vel
1234 3936 1303 4008 dis·

323 4030 460 4104 trahere
475 4035 559 4105 citra
575 4032 704 4131 praesati
725 4037 938 4130 impetrantis
955 4037 1178 4134 eiusdemque
1195 4037 1300 4111 harre·

324 4129 406 4202 dum
423 4155 464 4204 ac
477 4126 703 4210 successorum
718 4140 929 4208 voluntatem
947 4154 982 4207 et
999 4133 1161 4210 assensum
1180 4134 1300 4210 inscri-

320 4234 387 4327 ptis
404 4229 581 4309 obtentum
597 4238 680 4310 ansrt
699 4242 752 4310 vel
768 4230 955 4335 praesumat.
1007 4238 1042 4310 Si
1060 4244 1134 4337 quis
1152 4264 1237 4312 vero
1251 4236 1268 4312 s
1284 4282 1298 4303 ·

318 4353 381 4403 cus
400 4330 562 4410 faciendo
576 4340 795 4436 Priuilegium
816 4339 883 4412 h'ue
896 4339 1059 4412 Nostrum
1076 4338 1130 4415 seu
1152 4342 1298 4414 lnterdi·

318 4431 410 4511 &um
427 4440 559 4512 violare
572 4460 863 4539 contemnercque
877 4436 1117 4538 praesumserit,
1131 4446 1207 4514 eum
1224 4467 1297 4517 non

316 4526 1297 4647 solumeiusmodiexemplaribusvbicunquelucorumtc·

1177 4652 1325 4746 pertiss-
