3250 5709
366 411 2904 888 mn

1393 1044 2208 1177 waranno-
2352 1068 2359 1073 ’

805 1274 1001 1412 erit,
1041 1328 1138 1394 vt
1183 1332 1294 1394 ex
1321 1308 1681 1421 propriis
1709 1303 1874 1394 suis
1905 1284 2333 1418 principiis
2362 1302 2542 1392 lites
2572 1302 2835 1396 obor?

795 1430 915 1533 ‚tte
942 1418 1461 1528 decidantur,
1529 1418 1616 1509 δι
1649 1417 2329 1507 determinentur.

1672 1669 1742 1773 §·
1840 1666 1938 1744 v,

729 1930 734 1935 Ι
1030 1800 1238 1911 1-1κέ
1259 1820 1589 1909 diuersa
1624 1820 1882 1911 studia
1912 1820 2426 1910 induxerunt
2452 1840 2635 1910 tum
2670 1820 2829 1911 Ro-

679 1998 686 2019 .
813 1930 1632 2043 mano-catholicos,
1699 1959 1885 2023 tum
1941 1932 2046 2021 A.
2092 1934 2185 2023 C.
2251 1926 2825 2041 addi&os,‘vt

761 2040 1234 2156 'eompen'din
1295 2046 1380 2133 &
1414 2047 1943 2153 institutiones
2008 2074 2115 2132 ex
2169 2046 2396 2160 sylua
2454 2047 2825 2134 decreto·

813 2186 1008 2249 rum
1031 2160 1132 2246 -&
1163 2159 1701 2253 decretalium
1732 2183 2375 2277 componerent,
2438 2160 2526 2246 δε
2560 2165 2825 2272 prima

723 2362 732 2369 ,
815 2272 1068 2362 huius
1127 2270 1367 2358 studii
1447 2270 1988 2359 fundamenta
2040 2273 2441 2359 methodo
2506 2272 2829 2359 diuersa

816 2384 1260 2489 traderent.
1429 2384 1801 2497 Optime.
1838 2388 2275 2497 cognitum
2344 2384 2831 2472 habuerunt

809 2500 1348 2609 interpretes,
1405 2498 1622 2604 illos,
1673 2501 1818 2610 qui
1856 2501 1939 2585 in
1968 2499 2183 2585 hanc
2218 2497 2825 2585 descenderunt

816 2619 1193 2711 eren-am,
1246 2636 1430 2695 eam
1458 2610 1956 2698 methodum
1997 2614 2082 2696 in
2112 2611 2277 2697 hoc
2318 2609 2582 2695 studio
2618 2636 2817 2719 prae·

818 2718 1042 2813 ferre
1073 2721 1421 2829 debere,
1496 2722 1687 2837 quae
1708 2723 2099 2833 systemati·
2140 2725 2314 2808 eius
2359 2716 2817 2825 conformis

819 2836 974 2939 est,
1022 2858 1278 2949 atque
1317 2838 1426 2922 ita
1475 2835 1999 2949 repraesentat
2045 2834 2397 2949 singulas
2426 2837 2603 2921 eius
2639 2860 2821 2947 par-

818 2968 991 3049 teS,
1055 2949 1498 3060 exquibus
1529 2949 1643 3034 est
1662 2947 2257 3061 compositum,
2311 2971 2405 3036 vt
2442 2948 2824 3061 reipubli-

759 3140 766 3149 .
823 3086 946 3149 cae
970 3060 1220 3145 huius
1255 3061 1695 3147 vastiffimae
1730 3066 2086 3147 rationes
2126 3064 2209 3147 &
2256 3064 2823 3147 connexiones

821 3199 930 3259 ex
973 3196 1250 3267 mente
1309 3174 1685 3258 eiusdem
1744 3171 1966 3259 re&e
2035 3173 2516 3259 cohaereant.
2677 3174 2831 3256 At-

820 3281 1396 3397 temperandas
1449 3288 1671 3370 enim
1710 3281 1937 3397 leges
2006 3282 2161 3369 effe
2200 3284 2304 3368 ad
2334 3282 2653 3391 systema
2702 3316 2830 3364 cu-

823 3404 1227 3507 insa-unque
1281 3396 1698 3507 reipublicae
1721 3459 1745 3502 ,
1823 3394 2405 3484 testatissimum
2463 3397 2579 3482 est
2602 3461 2624 3496 ,
2690 3421 2827 3502 vt,

739 3568 744 3573 -
826 3507 1344 3597 eo‘demum'
1385 3535 1486 3594 co
1555 3514 1765 3614 nito,
1819 3509 2106 3616 legum
2146 3534 2491 3622 quoque
2552 3507 2855 3596 iensus·

831 3618 1155 3711 felicius
1208 3620 1295 3708 δι
1349 3616 1504 3707 fac·
1538 3625 1663 3709 ius
1722 3624 1903 3708 erui
1954 3648 2242 3733 queat,
2284 3646 2573 3734 etque
2615 3623 2829 3713 adeo

826 3730 979 3844 ipsi
1023 3730 1424 3843 systemati
1470 3732 1948 3841 reipublicae
1991 3735 2430 3846 principia,
2562 3763 2686 3821 uae
2739 3737 2829 3820 in

829 3849 1214 3951 elementis
1255 3844 1663 3963 ¹tradenda
1716 3842 1940 3950 sunt,
2008 3845 2497 3933 conforman
2561 3876 2605 3933 a
2655 3846 2829 3933 sint.

777 3978 782 3983 ·
825 3954 1143 4066 Neque
1191 3961 1436 4044 etiam
1481 3962 1566 4045 in
1598 3968 1760 4041 iure
1808 3968 2161 4043 canonico
2218 3958 2538 4046 diuersa
2577 3958 2830 4047 facies

828 4067 1526 4179 deprehenditur,
1577 4068 1844 4183 ,quod
1966 4070 2149 4159 lene
2198 4072 2305 4176 1&
2366 4100 2475 4159 ex
2543 4077 2832 4159 intima

825 4179 971 4269 sua
1055 4185 1371 4275 ratione
1449 4182 1799 4296 intelligi
2050 4184 2441 4300 cognosci
2494 4188 2835 4299 nequit,

827 4293 976 4379 nisi
1029 4290 1385 4382 adillud
1428 4294 1833 4407 singulare
1854 4296 2169 4408 Jjstema
2231 4324 2834 4411 componatur,

828 4405 1053 4493 vnde
1093 4407 1562 4497 conflatum
1612 4408 1770 4521 est.
1908 4410 2243 4499 Etenim
2290 4438 2461 4499 non
2500 4422 2847 4499 tantum'

831 4524 1004 4605 iura
1041 4520 1545 4632 ·ecclefiastica
1574 4586 1598 4628 ,
1693 4545 1786 4608 vt
1862 4547 2095 4611 antea
2171 4527 2591 4614 monitum
2668 4523 2839 4723 esstci

1802 4686 1815 4697 .
2724 4662 2767 4720 e
2900 4720 2903 4727 Ι
